@online{Wikipedia1,
    author = "Wikimedia Foundation",
    title = "Android (operating system)",
    url = "https://en.wikipedia.org/wiki/Android_(operating_system)",
    addendum = "(consultato: 25.02.2024)"
}

@online{Google1,
    author = "Google",
    title = "Che cos'è Android",
    url = "https://www.android.com/intl/it_it/what-is-android/",
    addendum = "(consultato: 25.02.2024)"
}

@online{Statcounter1,
    author = "Statcounter Global Stats",
    title = "Mobile Operating System Market Share Worldwide",
    url  = "https://gs.statcounter.com/os-market-share/mobile/worldwide",
    addendum = "(consultato: 25.02.2024)"
}

@online{Wikipedia2,
    author = "Wikimedia Foundation",
    title = "Kotlin (programming language)",
    url = "https://en.wikipedia.org/wiki/Kotlin_(programming_language)",
    addendum = "(consultato: 25.02.2024)"
}

@online{JetBrains1,
    author = "JetBrains",
    title = "Kotlin for Android",
    url = "https://kotlinlang.org/docs/android-overview.html",
    addendum = "(consultato: 25.02.2024)"
}

@online{JetBrains2,
    author = "JetBrains",
    title = "Null safety",
    url = "https://kotlinlang.org/docs/null-safety.html",
    addendum = "(consultato: 25.02.2024)"
}

@online{Wikipedia3,
    author = "Wikimedia Foundation",
    title = "Java (programming language)",
    url = "https://en.wikipedia.org/wiki/Java_(programming_language)",
    addendum = "(consultato: 25.02.2024)"
}

@online{IBM1,
    author = "IBM",
    title = "Cos'è un'API REST?",
    url = "https://www.ibm.com/it-it/topics/rest-apis",
    addendum = "(consultato: 25.02.2024)"
}

@online{Wikipedia4,
    author = "Wikimedia Foundation",
    title = "Spring Framework",
    url = "https://en.wikipedia.org/wiki/Spring_Framework",
    addendum = "(consultato: 25.02.2024)"
}

@online{Spoclearn1,
    author = "Spoclearn",
    title = "Java EE vs Spring",
    url = "https://www.spoclearn.com/blog/java-ee-vs-spring/",
    addendum = "(consultato: 25.02.2024)"
}

@online{PostgreSQL1,
    author = "PostgreSQL Global Development Group",
    title = "PostgreSQL: About",
    url = "https://www.postgresql.org/about/",
    addendum = "(consultato: 25.02.2024)"
}

@online{Hevodata1,
    author = "Hevodata",
    title = "PostgreSQL vs Oracle: 6 Critical Differences",
    url = "https://hevodata.com/learn/postgresql-vs-oracle/",
    addendum = "(consultato: 25.02.2024)"
}

@online{Github1,
    author = "Coil Contributors",
    title = "Overview",
    url = "https://coil-kt.github.io/coil/",
    addendum = "(consultato: 25.02.2024)"
}

@online{Wikipedia5,
    author = "Wikimedia Foundation",
    title = "Docker (software)",
    url = "https://en.wikipedia.org/wiki/Docker_(software)",
    addendum = "(consultato: 25.02.2024)"
}

@online{Docker1,
    author = "Docker, Inc.",
    title = "Docker overview",
    url = "https://docs.docker.com/get-started/overview/",
    addendum = "(consultato: 25.02.2024)"
}

@online{AWS1,
    author = "Amazon",
    title = "What is AWS? - Cloud Computing with AWS",
    url = "https://aws.amazon.com/what-is-aws/",
    addendum = "(consultato: 26.02.2024)"
}

@online{CNN1,
    author = "Mark Haranas",
    title = "AWS Vs. Azure Vs. GCP: Flexera 2023 Customer Cloud Results",
    url = "https://www.crn.com/news/cloud/aws-vs-azure-vs-gcp-flexera-2023-customer-cloud-results",
    addendum = "(consultato: 26.02.2024)"
}

@online{AWS2,
    author = "Amazon",
    title = "Cloud Compute Capacity - Amazon EC2",
    url = "https://aws.amazon.com/ec2/",
    addendum = "(consultato: 26.02.2024)"
}

@online{Wikipedia6,
    author = "Wikimedia Foundation",
    title = "Amazon Elastic Compute Cloud",
    url = "https://en.wikipedia.org/wiki/Amazon_Elastic_Compute_Cloud",
    addendum = "(consultato: 26.02.2024)"
}

@online{AWS3,
    author = "Amazon",
    title = "Amazon EC2 - Secure and resizable compute capacity",
    url = "https://aws.amazon.com/ec2/pricing",
    addendum = "(consultato: 26.02.2024)"
}